@article{Barabasi,
  title = {Statistical mechanics of complex networks},
  author = {Albert, R\'eka and Barab\'asi, Albert-L\'aszl\'o},
  journal = {Rev. Mod. Phys.},
  volume = {74},
  issue = {1},
  pages = {47--97},
  numpages = {0},
  year = {2002},
  month = {Jan},
  publisher = {American Physical Society},
  doi = {10.1103/RevModPhys.74.47},
  url = {http://link.aps.org/doi/10.1103/RevModPhys.74.47}
}

@article{Floyd,
 author = {Floyd, Robert W.},
 title = {Algorithm 97: Shortest Path},
 journal = {Commun. ACM},
 issue_date = {June 1962},
 volume = {5},
 number = {6},
 month = jun,
 year = {1962},
 issn = {0001-0782},
 pages = {345--},
 url = {http://doi.acm.org/10.1145/367766.368168},
 doi = {10.1145/367766.368168},
 acmid = {368168},
 publisher = {ACM},
 address = {New York, NY, USA},
} 

@article{Sturge,
author = { Herbert A.   Sturges },
title = {The Choice of a Class Interval},
journal = {Journal of the American Statistical Association},
volume = {21},
number = {153},
pages = {65-66},
year = {1926},
doi = {10.1080/01621459.1926.10502161},